@article{Casdagli_1991,
	Author = {Casdagli and Eubank and Farmer and Gibson},
	Journal = {Physica D: Nonlinear Phenomena},
	Number = {1-3},
	Pages = {52-98},
	Rating = {0},
	Title = {State space reconstruction in the presence of noise},
	Volume = {51},
	Year = {1991}}

@article{Davidson_1948,
	Author = {Davidson and Andrewartha},
	Journal = {Journal of Animal Ecology},
	Pages = {193-199},
	Title = {Annual trends in a natural population of \emph{{Thrips}
        imaginis} ({Thysanoptera})},
	Volume = {17},
	Year = {1948}}

@article{Davidson_1948a,
	Author = {Davidson and Andrewartha},
	Journal = {Journal of Animal Ecology},
	Pages = {200-222},
	Title = {The influence of rainfall, evaporation and atmospheric
        temperature on fluctuations in the size of a natural population
        of \emph{{Thrips} imaginis} ({Thysanoptera})},
	Volume = {17},
	Year = {1948}}

@article{Deyle_2013,
	Author = {Deyle and Fogarty and Hsieh,
        Chih-Hao and Kaufman, Les and MacCall, Alec D and Munch,
        Stephan B and Perretti, Charles T and Ye, Hao and Sugihara, George},
	Journal = {Proceedings of the National Academy of Sciences},
	Journal-Full = {Proceedings of the National Academy of Sciences
        of the United States of America},
	Number = {16},
	Pages = {6430-6435},
	Pmid = {23536299},
	Pst = {ppublish},
	Title = {Predicting climate effects on {Pacific} sardine},
	Volume = {110},
	Year = {2013}}

@article{Deyle_2011,
	Author = {Deyle and Sugihara},
	Journal = {PLoS ONE},
	Pages = {e18295},
	Title = {Generalized theorems for nonlinear state space reconstruction},
	Volume = {6},
	Year = {2011}}

@article{Deyle_2016,
	Author = {Deyle and May and Munch and Sugihara},
	Journal = {Proceedings of the Royal Society of London B},
	Title = {Tracking and forecasting ecosystem interactions in real time},
	Volume = {283},
	Year = {2016}}
        
@article{Dixon_1999,
	Author = {Dixon and Milicich and Sugihara},
	Journal = {Science},
	Pages = {1528-1530},
	Rating = {0},
	Title = {Episodic fluctuations in larval supply},
	Volume = {283},
	Year = {1999}}

@article{Fisher_1915,
	Author = {Fisher},
	Journal = {Biometrika},
	Number = {4},
	Pages = {507-521},
	Title = {Frequency distribution of the values of the
        correlation coefficient in samples from an indefinitely
        large population},
	Volume = {10},
	Year = {1915}}

@article{Granger_1969,
	Author = {Granger},
	Journal = {Econometrica},
	Number = {3},
	Pages = {424-438},
	Rating = {0},
	Title = {Investigating causal relations by econometric
        models and cross-spectral methods},
	Volume = {37},
	Year = {1969}}

@article{Lorenz_1996,
	Author = {Lorenz},
	Journal = {ECMWF Seminar on Predictability},
	Title = {Predictability â€“ A problem partly solved},
	Volume = {I},
	Year = {1996}}

@article{Lorenz_1963,
	Author = {Lorenz},
	Journal = {Journal of the Atmospheric Sciences},
	Number = {2},
	Pages = {130-141},
	Title = {Deterministic nonperiodic flow},
	Volume = {20},
	Year = {1963}}

@article{Moran_1953,
	Author = {Moran},
	Journal = {Australian Journal of Zoology},
	Pages = {291-298},
	Title = {The statistical analysis of the Canadian Lynx cycle II.
        synchronization and meteorology},
	Year = {1953}}

@misc{NERC-Centre-for-Population-Biology_2010,
	Author = {NERC Centre for Population Biology, Imperial College},
	Title = {The Global Population Dynamics Database Version 2},
	Year = {2010},
	Bdsk-Url-1 = {http://www.sw.ic.ac.uk/cpb/cpb/gpdd.html}}

@article{Sauer_1991,
	Author = {Sauer and Yorke and Casdagli},
	Journal = {Journal of Statistical Physics},
	Number = {3-4},
	Pages = {579-616},
	Title = {Embedology},
	Volume = {65},
	Year = {1991}}

@article{Sugihara_1990,
	Author = {Sugihara and May},
	Journal = {Nature},
	Pages = {734-741},
	Rating = {0},
	Title = {Nonlinear forecasting as a way of distinguishing
        chaos from measurement error in time series},
	Volume = {344},
	Year = {1990}}

@article{Sugihara_1994,
	Author = {Sugihara},
	Journal={Philosophical Transactions: Physical Sciences and Engineering},
	Number = {1688},
	Pages = {477--495},
	Rating = {0},
	Title = {Nonlinear forecasting for the classification of
        natural time series},
	Volume = {348},
	Year = {1994}}

@article{Sugihara_2012,
	Author = {Sugihara and May and Ye and
        Hsieh and Deyle and Fogarty and Munch},
	Journal = {Science},
	Pages = {496-500},
	Title = {Detecting causality in complex ecosystems},
	Volume = {338},
	Year = {2012}}

@article{Takens_1981,
	Author = {Takens},
	Journal = {Dynamical Systems and Turbulence, Lecture Notes
        in Mathematics},
	Pages = {366--381},
	Rating = {0},
	Read = {Yes},
	Title = {Detecting strange attractors in turbulence},
	Volume = {898},
	Year = {1981}}

@article{Ye_2015a,
	Author = {Hao and Deyle and Gilarranz J.
        and Sugihara, George},
	Journal = {Scientific Reports},
	Pages = {14750},
	Title = {Distinguishing time-delayed causal interactions
        using convergent cross mapping},
	Volume = {5},
	Year = {2015}}

@article{Ye_2016,
	Author = {Ye and Sugihara},
	Journal = {Science},
	Number = {6302},
	Pages = {922-925},
	Title = {Information leverage in interconnected ecosystems:
        Overcoming the curse of dimensionality},
	Volume = {353},
	Year = {2016}}
