%% This BibTeX bibliography file was created using BibDesk.
%% http://bibdesk.sourceforge.net/

%% Created for Hao Ye at 2017-06-17 16:43:16 -0700 


%% Saved with string encoding Unicode (UTF-8) 



@article{Fisher_1915,
	Author = {R. A. Fisher},
	Date-Added = {2016-03-20 07:45:23 +0000},
	Date-Modified = {2016-03-20 07:46:21 +0000},
	Journal = {Biometrika},
	Number = {4},
	Pages = {507-521},
	Title = {Frequency distribution of the values of the correlation coefficient in samples from an indefinitely large population},
	Volume = {10},
	Year = {1915}}

@article{Davidson_1948,
	Author = {J. Davidson and H. G. Andrewartha},
	Date-Added = {2015-08-08 01:31:48 +0000},
	Date-Modified = {2015-08-08 06:48:46 +0000},
	Journal = {Journal of Animal Ecology},
	Pages = {193-199},
	Title = {Annual trends in a natural population of \emph{{Thrips} imaginis} ({Thysanoptera})},
	Volume = {17},
	Year = {1948}}

@article{Davidson_1948a,
	Author = {J. Davidson and H. G. Andrewartha},
	Date-Added = {2015-08-08 01:37:38 +0000},
	Date-Modified = {2015-08-08 06:50:25 +0000},
	Journal = {Journal of Animal Ecology},
	Pages = {200-222},
	Title = {The influence of rainfall, evaporation and atmospheric temperature on fluctuations in the size of a natural population of \emph{{Thrips} imaginis} ({Thysanoptera})},
	Volume = {17},
	Year = {1948}}

@article{Moran_1953,
	Author = {P A P Moran},
	Date-Added = {2011-03-31 16:51:26 -0700},
	Date-Modified = {2012-07-20 20:51:41 +0000},
	Journal = {Australian Journal of Zoology},
	Pages = {291-298},
	Title = {The statistical analysis of the Canadian Lynx cycle II. synchronization and meteorology},
	Year = {1953},
	Bdsk-File-1 = {YnBsaXN0MDDUAQIDBAUGJCVYJHZlcnNpb25YJG9iamVjdHNZJGFyY2hpdmVyVCR0b3ASAAGGoKgHCBMUFRYaIVUkbnVsbNMJCgsMDxJXTlMua2V5c1pOUy5vYmplY3RzViRjbGFzc6INDoACgAOiEBGABIAFgAdccmVsYXRpdmVQYXRoWWFsaWFzRGF0YV8QLi4uLy4uLy4uL0RvY3VtZW50cy9QYXBlcnMvTW9yYW4vTW9yYW5fMTk1My5wZGbSFwsYGVdOUy5kYXRhTxEBkAAAAAABkAACAAAJU2hpcmFzYWdpAAAAAAAAAAAAAAAAAAAAAAAA0Q7YiEgrAAAAFDVkDk1vcmFuXzE5NTMucGRmAAAAAAAAAAAAAAAAAAAAAAAAAAAAAAAAAAAAAAAAAAAAAAAAAAAAAAAAAAAAAAAAAAAUNWXJumF2AAAAAAAAAAAAAwAEAAAJIAAAAAAAAAAAAAAAAAAAAAVNb3JhbgAAEAAIAADRD0kIAAAAEQAIAADJusPmAAAAAQAUABQ1ZAAULk4ACUBKAAlASQAClRQAAgA+U2hpcmFzYWdpOlVzZXJzOgBoeWU6AERvY3VtZW50czoAUGFwZXJzOgBNb3JhbjoATW9yYW5fMTk1My5wZGYADgAeAA4ATQBvAHIAYQBuAF8AMQA5ADUAMwAuAHAAZABmAA8AFAAJAFMAaABpAHIAYQBzAGEAZwBpABIAL1VzZXJzL2h5ZS9Eb2N1bWVudHMvUGFwZXJzL01vcmFuL01vcmFuXzE5NTMucGRmAAATAAEvAAAVAAIACv//AACABtIbHB0eWiRjbGFzc25hbWVYJGNsYXNzZXNdTlNNdXRhYmxlRGF0YaMdHyBWTlNEYXRhWE5TT2JqZWN00hscIiNcTlNEaWN0aW9uYXJ5oiIgXxAPTlNLZXllZEFyY2hpdmVy0SYnVHJvb3SAAQAIABEAGgAjAC0AMgA3AEAARgBNAFUAYABnAGoAbABuAHEAcwB1AHcAhACOAL8AxADMAmACYgJnAnICewKJAo0ClAKdAqICrwKyAsQCxwLMAAAAAAAAAgEAAAAAAAAAKAAAAAAAAAAAAAAAAAAAAs4=}}

@article{Lorenz_1963,
	Author = {Edward N Lorenz},
	Date-Added = {2011-03-03 15:17:24 -0800},
	Date-Modified = {2012-07-20 20:51:41 +0000},
	Journal = {Journal of the Atmospheric Sciences},
	Number = {2},
	Pages = {130-141},
	Title = {Deterministic nonperiodic flow},
	Volume = {20},
	Year = {1963},
	Bdsk-File-1 = {YnBsaXN0MDDUAQIDBAUGJCVYJHZlcnNpb25YJG9iamVjdHNZJGFyY2hpdmVyVCR0b3ASAAGGoKgHCBMUFRYaIVUkbnVsbNMJCgsMDxJXTlMua2V5c1pOUy5vYmplY3RzViRjbGFzc6INDoACgAOiEBGABIAFgAdccmVsYXRpdmVQYXRoWWFsaWFzRGF0YV8QMC4uLy4uLy4uL0RvY3VtZW50cy9QYXBlcnMvTG9yZW56L0xvcmVuel8xOTYzLnBkZtIXCxgZV05TLmRhdGFPEQGWAAAAAAGWAAIAAAlTaGlyYXNhZ2kAAAAAAAAAAAAAAAAAAAAAAADRDtiISCsAAAAUNHsPTG9yZW56XzE5NjMucGRmAAAAAAAAAAAAAAAAAAAAAAAAAAAAAAAAAAAAAAAAAAAAAAAAAAAAAAAAAAAAAAAAABQ0fMfWGEYAAAAAAAAAAAADAAQAAAkgAAAAAAAAAAAAAAAAAAAABkxvcmVuegAQAAgAANEPSQgAAAARAAgAAMfWerYAAAABABQAFDR7ABQuTgAJQEoACUBJAAKVFAACAEBTaGlyYXNhZ2k6VXNlcnM6AGh5ZToARG9jdW1lbnRzOgBQYXBlcnM6AExvcmVuejoATG9yZW56XzE5NjMucGRmAA4AIAAPAEwAbwByAGUAbgB6AF8AMQA5ADYAMwAuAHAAZABmAA8AFAAJAFMAaABpAHIAYQBzAGEAZwBpABIAMVVzZXJzL2h5ZS9Eb2N1bWVudHMvUGFwZXJzL0xvcmVuei9Mb3JlbnpfMTk2My5wZGYAABMAAS8AABUAAgAK//8AAIAG0hscHR5aJGNsYXNzbmFtZVgkY2xhc3Nlc11OU011dGFibGVEYXRhox0fIFZOU0RhdGFYTlNPYmplY3TSGxwiI1xOU0RpY3Rpb25hcnmiIiBfEA9OU0tleWVkQXJjaGl2ZXLRJidUcm9vdIABAAgAEQAaACMALQAyADcAQABGAE0AVQBgAGcAagBsAG4AcQBzAHUAdwCEAI4AwQDGAM4CaAJqAm8CegKDApEClQKcAqUCqgK3AroCzALPAtQAAAAAAAACAQAAAAAAAAAoAAAAAAAAAAAAAAAAAAAC1g==}}

@article{Takens_1981,
	Abstract = {1. Introduction. Since [19] was written, much more accurate experiments on the onset of turbulence have been made, especially by Fenstermacher, Swinney, Gollub and Benson [6,8,9,10]. These new experimental data should be interpreted },
	Author = {Floris Takens},
	Date-Added = {2011-03-02 14:32:01 -0800},
	Date-Modified = {2012-07-20 20:51:41 +0000},
	Journal = {Dynamical Systems and Turbulence, Lecture Notes in Mathematics},
	Local-Url = {file://localhost/Users/hye/Documents/Papers/Takens/Takens_1981_Dynamical%20Systems%20and%20Turbulence%20Lecture%20Notes%20in%20Mathematics.pdf},
	Month = {Jan},
	Pages = {366--381},
	Rating = {0},
	Read = {Yes},
	Title = {Detecting strange attractors in turbulence},
	Uri = {papers://731E5C55-21F7-4D91-8518-19C67E8F010C/Paper/p480},
	Volume = {898},
	Year = {1981},
	Bdsk-File-1 = {YnBsaXN0MDDUAQIDBAUGJCVYJHZlcnNpb25YJG9iamVjdHNZJGFyY2hpdmVyVCR0b3ASAAGGoKgHCBMUFRYaIVUkbnVsbNMJCgsMDxJXTlMua2V5c1pOUy5vYmplY3RzViRjbGFzc6INDoACgAOiEBGABIAFgAdccmVsYXRpdmVQYXRoWWFsaWFzRGF0YV8QMC4uLy4uLy4uL0RvY3VtZW50cy9QYXBlcnMvVGFrZW5zL1Rha2Vuc18xOTgxLnBkZtIXCxgZV05TLmRhdGFPEQGWAAAAAAGWAAIAAAlTaGlyYXNhZ2kAAAAAAAAAAAAAAAAAAAAAAADRDtiISCsAAAAUN/0PVGFrZW5zXzE5ODEucGRmAAAAAAAAAAAAAAAAAAAAAAAAAAAAAAAAAAAAAAAAAAAAAAAAAAAAAAAAAAAAAAAAABQ3/slq1OkAAAAAAAAAAAADAAQAAAkgAAAAAAAAAAAAAAAAAAAABlRha2VucwAQAAgAANEPSQgAAAARAAgAAMlrRWkAAAABABQAFDf9ABQuTgAJQEoACUBJAAKVFAACAEBTaGlyYXNhZ2k6VXNlcnM6AGh5ZToARG9jdW1lbnRzOgBQYXBlcnM6AFRha2VuczoAVGFrZW5zXzE5ODEucGRmAA4AIAAPAFQAYQBrAGUAbgBzAF8AMQA5ADgAMQAuAHAAZABmAA8AFAAJAFMAaABpAHIAYQBzAGEAZwBpABIAMVVzZXJzL2h5ZS9Eb2N1bWVudHMvUGFwZXJzL1Rha2Vucy9UYWtlbnNfMTk4MS5wZGYAABMAAS8AABUAAgAK//8AAIAG0hscHR5aJGNsYXNzbmFtZVgkY2xhc3Nlc11OU011dGFibGVEYXRhox0fIFZOU0RhdGFYTlNPYmplY3TSGxwiI1xOU0RpY3Rpb25hcnmiIiBfEA9OU0tleWVkQXJjaGl2ZXLRJidUcm9vdIABAAgAEQAaACMALQAyADcAQABGAE0AVQBgAGcAagBsAG4AcQBzAHUAdwCEAI4AwQDGAM4CaAJqAm8CegKDApEClQKcAqUCqgK3AroCzALPAtQAAAAAAAACAQAAAAAAAAAoAAAAAAAAAAAAAAAAAAAC1g==}}

@article{Inouye_1987,
	Author = {Inouye, Richard S. and Huntly, Nancy J. and Tilman, David and Tester, John R. and Stillwell, Mark and Zinnel, Kathlean C.},
	Date-Added = {2015-08-06 21:45:27 +0000},
	Date-Modified = {2015-08-08 06:50:01 +0000},
	Journal = {Ecology},
	Number = {1},
	Pages = {12-26},
	Title = {Old-Field Succession on a {Minnesota} Sand Plain},
	Volume = {68},
	Year = {1987},
	Bdsk-File-1 = {YnBsaXN0MDDUAQIDBAUGJCVYJHZlcnNpb25YJG9iamVjdHNZJGFyY2hpdmVyVCR0b3ASAAGGoKgHCBMUFRYaIVUkbnVsbNMJCgsMDxJXTlMua2V5c1pOUy5vYmplY3RzViRjbGFzc6INDoACgAOiEBGABIAFgAdccmVsYXRpdmVQYXRoWWFsaWFzRGF0YV8QMC4uLy4uLy4uL0RvY3VtZW50cy9QYXBlcnMvSW5vdXllL0lub3V5ZV8xOTg3LnBkZtIXCxgZV05TLmRhdGFPEQGWAAAAAAGWAAIAAAlTaGlyYXNhZ2kAAAAAAAAAAAAAAAAAAAAAAADRDtiISCsAAAFPtpEPSW5vdXllXzE5ODcucGRmAAAAAAAAAAAAAAAAAAAAAAAAAAAAAAAAAAAAAAAAAAAAAAAAAAAAAAAAAAAAAAAAAU+1R9HpI3EAAAAAAAAAAAADAAQAAAkgAAAAAAAAAAAAAAAAAAAABklub3V5ZQAQAAgAANEPSQgAAAARAAgAANHpheEAAAABABQBT7aRABQuTgAJQEoACUBJAAKVFAACAEBTaGlyYXNhZ2k6VXNlcnM6AGh5ZToARG9jdW1lbnRzOgBQYXBlcnM6AElub3V5ZToASW5vdXllXzE5ODcucGRmAA4AIAAPAEkAbgBvAHUAeQBlAF8AMQA5ADgANwAuAHAAZABmAA8AFAAJAFMAaABpAHIAYQBzAGEAZwBpABIAMVVzZXJzL2h5ZS9Eb2N1bWVudHMvUGFwZXJzL0lub3V5ZS9Jbm91eWVfMTk4Ny5wZGYAABMAAS8AABUAAgAK//8AAIAG0hscHR5aJGNsYXNzbmFtZVgkY2xhc3Nlc11OU011dGFibGVEYXRhox0fIFZOU0RhdGFYTlNPYmplY3TSGxwiI1xOU0RpY3Rpb25hcnmiIiBfEA9OU0tleWVkQXJjaGl2ZXLRJidUcm9vdIABAAgAEQAaACMALQAyADcAQABGAE0AVQBgAGcAagBsAG4AcQBzAHUAdwCEAI4AwQDGAM4CaAJqAm8CegKDApEClQKcAqUCqgK3AroCzALPAtQAAAAAAAACAQAAAAAAAAAoAAAAAAAAAAAAAAAAAAAC1g==}}

@article{Sugihara_1990,
	Author = {George Sugihara and Robert M. May},
	Date-Added = {2011-03-02 14:32:01 -0800},
	Date-Modified = {2013-10-14 23:51:59 +0000},
	Journal = {Nature},
	Pages = {734-741},
	Rating = {0},
	Title = {Nonlinear forecasting as a way of distinguishing chaos from measurement error in time series},
	Volume = {344},
	Year = {1990},
	Bdsk-File-1 = {YnBsaXN0MDDUAQIDBAUGJCVYJHZlcnNpb25YJG9iamVjdHNZJGFyY2hpdmVyVCR0b3ASAAGGoKgHCBMUFRYaIVUkbnVsbNMJCgsMDxJXTlMua2V5c1pOUy5vYmplY3RzViRjbGFzc6INDoACgAOiEBGABIAFgAdccmVsYXRpdmVQYXRoWWFsaWFzRGF0YV8QNC4uLy4uLy4uL0RvY3VtZW50cy9QYXBlcnMvU3VnaWhhcmEvU3VnaWhhcmFfMTk5MC5wZGbSFwsYGVdOUy5kYXRhTxEBpAAAAAABpAACAAAJU2hpcmFzYWdpAAAAAAAAAAAAAAAAAAAAAAAA0Q7YiEgrAAAAFDfWEVN1Z2loYXJhXzE5OTAucGRmAAAAAAAAAAAAAAAAAAAAAAAAAAAAAAAAAAAAAAAAAAAAAAAAAAAAAAAAAAAAAAAUN9nGAqqIAAAAAAAAAAAAAwAEAAAJIAAAAAAAAAAAAAAAAAAAAAhTdWdpaGFyYQAQAAgAANEPSQgAAAARAAgAAMYDDPgAAAABABQAFDfWABQuTgAJQEoACUBJAAKVFAACAERTaGlyYXNhZ2k6VXNlcnM6AGh5ZToARG9jdW1lbnRzOgBQYXBlcnM6AFN1Z2loYXJhOgBTdWdpaGFyYV8xOTkwLnBkZgAOACQAEQBTAHUAZwBpAGgAYQByAGEAXwAxADkAOQAwAC4AcABkAGYADwAUAAkAUwBoAGkAcgBhAHMAYQBnAGkAEgA1VXNlcnMvaHllL0RvY3VtZW50cy9QYXBlcnMvU3VnaWhhcmEvU3VnaWhhcmFfMTk5MC5wZGYAABMAAS8AABUAAgAK//8AAIAG0hscHR5aJGNsYXNzbmFtZVgkY2xhc3Nlc11OU011dGFibGVEYXRhox0fIFZOU0RhdGFYTlNPYmplY3TSGxwiI1xOU0RpY3Rpb25hcnmiIiBfEA9OU0tleWVkQXJjaGl2ZXLRJidUcm9vdIABAAgAEQAaACMALQAyADcAQABGAE0AVQBgAGcAagBsAG4AcQBzAHUAdwCEAI4AxQDKANICegJ8AoECjAKVAqMCpwKuArcCvALJAswC3gLhAuYAAAAAAAACAQAAAAAAAAAoAAAAAAAAAAAAAAAAAAAC6A==},
	Bdsk-Url-1 = {http://www.ncbi.nlm.nih.gov/entrez/query.fcgi?db=pubmed&cmd=Retrieve&dopt=AbstractPlus&list_uids=251840954927924269related:LcRfogO4fgMJ}}

@article{Casdagli_1991,
	Author = {M Casdagli and S Eubank and JD Farmer and J Gibson},
	Date-Added = {2011-03-02 14:32:01 -0800},
	Date-Modified = {2013-10-14 23:52:21 +0000},
	Journal = {Physica D: Nonlinear Phenomena},
	Number = {1-3},
	Pages = {52-98},
	Rating = {0},
	Title = {State space reconstruction in the presence of noise},
	Volume = {51},
	Year = {1991},
	Bdsk-File-1 = {YnBsaXN0MDDUAQIDBAUGJCVYJHZlcnNpb25YJG9iamVjdHNZJGFyY2hpdmVyVCR0b3ASAAGGoKgHCBMUFRYaIVUkbnVsbNMJCgsMDxJXTlMua2V5c1pOUy5vYmplY3RzViRjbGFzc6INDoACgAOiEBGABIAFgAdccmVsYXRpdmVQYXRoWWFsaWFzRGF0YV8QNC4uLy4uLy4uL0RvY3VtZW50cy9QYXBlcnMvQ2FzZGFnbGkvQ2FzZGFnbGlfMTk5MS5wZGbSFwsYGVdOUy5kYXRhTxEBpAAAAAABpAACAAAJU2hpcmFzYWdpAAAAAAAAAAAAAAAAAAAAAAAA0Q7YiEgrAAAAFC/4EUNhc2RhZ2xpXzE5OTEucGRmAAAAAAAAAAAAAAAAAAAAAAAAAAAAAAAAAAAAAAAAAAAAAAAAAAAAAAAAAAAAAAAUL/nHmKxQAAAAAAAAAAAAAwAEAAAJIAAAAAAAAAAAAAAAAAAAAAhDYXNkYWdsaQAQAAgAANEPSQgAAAARAAgAAMeZHNAAAAABABQAFC/4ABQuTgAJQEoACUBJAAKVFAACAERTaGlyYXNhZ2k6VXNlcnM6AGh5ZToARG9jdW1lbnRzOgBQYXBlcnM6AENhc2RhZ2xpOgBDYXNkYWdsaV8xOTkxLnBkZgAOACQAEQBDAGEAcwBkAGEAZwBsAGkAXwAxADkAOQAxAC4AcABkAGYADwAUAAkAUwBoAGkAcgBhAHMAYQBnAGkAEgA1VXNlcnMvaHllL0RvY3VtZW50cy9QYXBlcnMvQ2FzZGFnbGkvQ2FzZGFnbGlfMTk5MS5wZGYAABMAAS8AABUAAgAK//8AAIAG0hscHR5aJGNsYXNzbmFtZVgkY2xhc3Nlc11OU011dGFibGVEYXRhox0fIFZOU0RhdGFYTlNPYmplY3TSGxwiI1xOU0RpY3Rpb25hcnmiIiBfEA9OU0tleWVkQXJjaGl2ZXLRJidUcm9vdIABAAgAEQAaACMALQAyADcAQABGAE0AVQBgAGcAagBsAG4AcQBzAHUAdwCEAI4AxQDKANICegJ8AoECjAKVAqMCpwKuArcCvALJAswC3gLhAuYAAAAAAAACAQAAAAAAAAAoAAAAAAAAAAAAAAAAAAAC6A==},
	Bdsk-Url-1 = {http://www.ncbi.nlm.nih.gov/entrez/query.fcgi?db=pubmed&cmd=Retrieve&dopt=AbstractPlus&list_uids=17529100714232235642related:esbb9zngQ_MJ}}

@article{Sauer_1991,
	Author = {Tim Sauer and James A. Yorke and Martin Casdagli},
	Date-Added = {2012-12-13 23:39:51 +0000},
	Date-Modified = {2015-02-19 22:11:10 +0000},
	Journal = {Journal of Statistical Physics},
	Number = {3-4},
	Pages = {579-616},
	Title = {Embedology},
	Volume = {65},
	Year = {1991},
	Bdsk-File-1 = {YnBsaXN0MDDUAQIDBAUGJCVYJHZlcnNpb25YJG9iamVjdHNZJGFyY2hpdmVyVCR0b3ASAAGGoKgHCBMUFRYaIVUkbnVsbNMJCgsMDxJXTlMua2V5c1pOUy5vYmplY3RzViRjbGFzc6INDoACgAOiEBGABIAFgAdccmVsYXRpdmVQYXRoWWFsaWFzRGF0YV8QLi4uLy4uLy4uL0RvY3VtZW50cy9QYXBlcnMvU2F1ZXIvU2F1ZXJfMTk5MS5wZGbSFwsYGVdOUy5kYXRhTxEBkAAAAAABkAACAAAJU2hpcmFzYWdpAAAAAAAAAAAAAAAAAAAAAAAA0Q7YiEgrAAAAFDcCDlNhdWVyXzE5OTEucGRmAAAAAAAAAAAAAAAAAAAAAAAAAAAAAAAAAAAAAAAAAAAAAAAAAAAAAAAAAAAAAAAAAAAUNwPM76bsAAAAAAAAAAAAAwAEAAAJIAAAAAAAAAAAAAAAAAAAAAVTYXVlcgAAEAAIAADRD0kIAAAAEQAIAADM8BdsAAAAAQAUABQ3AgAULk4ACUBKAAlASQAClRQAAgA+U2hpcmFzYWdpOlVzZXJzOgBoeWU6AERvY3VtZW50czoAUGFwZXJzOgBTYXVlcjoAU2F1ZXJfMTk5MS5wZGYADgAeAA4AUwBhAHUAZQByAF8AMQA5ADkAMQAuAHAAZABmAA8AFAAJAFMAaABpAHIAYQBzAGEAZwBpABIAL1VzZXJzL2h5ZS9Eb2N1bWVudHMvUGFwZXJzL1NhdWVyL1NhdWVyXzE5OTEucGRmAAATAAEvAAAVAAIACv//AACABtIbHB0eWiRjbGFzc25hbWVYJGNsYXNzZXNdTlNNdXRhYmxlRGF0YaMdHyBWTlNEYXRhWE5TT2JqZWN00hscIiNcTlNEaWN0aW9uYXJ5oiIgXxAPTlNLZXllZEFyY2hpdmVy0SYnVHJvb3SAAQAIABEAGgAjAC0AMgA3AEAARgBNAFUAYABnAGoAbABuAHEAcwB1AHcAhACOAL8AxADMAmACYgJnAnICewKJAo0ClAKdAqICrwKyAsQCxwLMAAAAAAAAAgEAAAAAAAAAKAAAAAAAAAAAAAAAAAAAAs4=}}

@article{Sugihara_1994,
	Author = {G Sugihara},
	Date-Added = {2011-03-02 14:32:01 -0800},
	Date-Modified = {2015-08-08 01:54:48 +0000},
	Journal = {Philosophical Transactions: Physical Sciences and Engineering},
	Label = {rec-number 174},
	Local-Url = {file://localhost/Users/hye/Documents/Papers/Sugihara/Sugihara_1994_Philosophical%20Transactions%20Physical%20Sciences%20and%20Engineering.pdf},
	Number = {1688},
	Pages = {477--495},
	Rating = {0},
	Title = {Nonlinear forecasting for the classification of natural time series},
	Volume = {348},
	Year = {1994},
	Bdsk-File-1 = {YnBsaXN0MDDUAQIDBAUGJCVYJHZlcnNpb25YJG9iamVjdHNZJGFyY2hpdmVyVCR0b3ASAAGGoKgHCBMUFRYaIVUkbnVsbNMJCgsMDxJXTlMua2V5c1pOUy5vYmplY3RzViRjbGFzc6INDoACgAOiEBGABIAFgAdccmVsYXRpdmVQYXRoWWFsaWFzRGF0YV8QNC4uLy4uLy4uL0RvY3VtZW50cy9QYXBlcnMvU3VnaWhhcmEvU3VnaWhhcmFfMTk5NC5wZGbSFwsYGVdOUy5kYXRhTxEBpAAAAAABpAACAAAJU2hpcmFzYWdpAAAAAAAAAAAAAAAAAAAAAAAA0Q7YiEgrAAAAFDfWEVN1Z2loYXJhXzE5OTQucGRmAAAAAAAAAAAAAAAAAAAAAAAAAAAAAAAAAAAAAAAAAAAAAAAAAAAAAAAAAAAAAAAUN+XEEsx2AAAAAAAAAAAAAwAEAAAJIAAAAAAAAAAAAAAAAAAAAAhTdWdpaGFyYQAQAAgAANEPSQgAAAARAAgAAMQTLuYAAAABABQAFDfWABQuTgAJQEoACUBJAAKVFAACAERTaGlyYXNhZ2k6VXNlcnM6AGh5ZToARG9jdW1lbnRzOgBQYXBlcnM6AFN1Z2loYXJhOgBTdWdpaGFyYV8xOTk0LnBkZgAOACQAEQBTAHUAZwBpAGgAYQByAGEAXwAxADkAOQA0AC4AcABkAGYADwAUAAkAUwBoAGkAcgBhAHMAYQBnAGkAEgA1VXNlcnMvaHllL0RvY3VtZW50cy9QYXBlcnMvU3VnaWhhcmEvU3VnaWhhcmFfMTk5NC5wZGYAABMAAS8AABUAAgAK//8AAIAG0hscHR5aJGNsYXNzbmFtZVgkY2xhc3Nlc11OU011dGFibGVEYXRhox0fIFZOU0RhdGFYTlNPYmplY3TSGxwiI1xOU0RpY3Rpb25hcnmiIiBfEA9OU0tleWVkQXJjaGl2ZXLRJidUcm9vdIABAAgAEQAaACMALQAyADcAQABGAE0AVQBgAGcAagBsAG4AcQBzAHUAdwCEAI4AxQDKANICegJ8AoECjAKVAqMCpwKuArcCvALJAswC3gLhAuYAAAAAAAACAQAAAAAAAAAoAAAAAAAAAAAAAAAAAAAC6A==}}

@article{Tilman_1994,
	Author = {David Tilman and John Downing},
	Booktitle = {Ecosystem Management: Selected Readings},
	Date-Added = {2011-03-02 14:32:01 -0800},
	Date-Modified = {2016-09-28 21:54:43 +0000},
	Journal = {Nature},
	Pages = {363-365},
	Publisher = {Springer New York},
	Rating = {0},
	Title = {Biodiversity and stability in grasslands},
	Volume = {367},
	Year = {1994},
	Bdsk-File-1 = {YnBsaXN0MDDUAQIDBAUGJCVYJHZlcnNpb25YJG9iamVjdHNZJGFyY2hpdmVyVCR0b3ASAAGGoKgHCBMUFRYaIVUkbnVsbNMJCgsMDxJXTlMua2V5c1pOUy5vYmplY3RzViRjbGFzc6INDoACgAOiEBGABIAFgAdccmVsYXRpdmVQYXRoWWFsaWFzRGF0YV8QMS4uLy4uLy4uL0RvY3VtZW50cy9QYXBlcnMvVGlsbWFuL1RpbG1hbl8xOTk0YS5wZGbSFwsYGVdOUy5kYXRhTxEBmgAAAAABmgACAAAJU2hpcmFzYWdpAAAAAAAAAAAAAAAAAAAAAAAA0Q7YiEgrAAAAFDgYEFRpbG1hbl8xOTk0YS5wZGYAAAAAAAAAAAAAAAAAAAAAAAAAAAAAAAAAAAAAAAAAAAAAAAAAAAAAAAAAAAAAAAN2CNfUEYoTAAAAAAAAAAAAAwAEAAAJIAAAAAAAAAAAAAAAAAAAAAZUaWxtYW4AEAAIAADRD0kIAAAAEQAIAADUEeyDAAAAAQAUABQ4GAAULk4ACUBKAAlASQAClRQAAgBBU2hpcmFzYWdpOlVzZXJzOgBoeWU6AERvY3VtZW50czoAUGFwZXJzOgBUaWxtYW46AFRpbG1hbl8xOTk0YS5wZGYAAA4AIgAQAFQAaQBsAG0AYQBuAF8AMQA5ADkANABhAC4AcABkAGYADwAUAAkAUwBoAGkAcgBhAHMAYQBnAGkAEgAyVXNlcnMvaHllL0RvY3VtZW50cy9QYXBlcnMvVGlsbWFuL1RpbG1hbl8xOTk0YS5wZGYAEwABLwAAFQACAAr//wAAgAbSGxwdHlokY2xhc3NuYW1lWCRjbGFzc2VzXU5TTXV0YWJsZURhdGGjHR8gVk5TRGF0YVhOU09iamVjdNIbHCIjXE5TRGljdGlvbmFyeaIiIF8QD05TS2V5ZWRBcmNoaXZlctEmJ1Ryb290gAEACAARABoAIwAtADIANwBAAEYATQBVAGAAZwBqAGwAbgBxAHMAdQB3AIQAjgDCAMcAzwJtAm8CdAJ/AogClgKaAqECqgKvArwCvwLRAtQC2QAAAAAAAAIBAAAAAAAAACgAAAAAAAAAAAAAAAAAAALb}}

@article{Tilman_1994a,
	Author = {David Tilman},
	Date-Added = {2015-08-06 21:47:52 +0000},
	Date-Modified = {2015-08-06 21:48:34 +0000},
	Journal = {Ecology},
	Number = {1},
	Pages = {2-16},
	Title = {Competition and biodiversity in spatially structured habitats},
	Volume = {75},
	Year = {1994},
	Bdsk-File-1 = {YnBsaXN0MDDUAQIDBAUGJCVYJHZlcnNpb25YJG9iamVjdHNZJGFyY2hpdmVyVCR0b3ASAAGGoKgHCBMUFRYaIVUkbnVsbNMJCgsMDxJXTlMua2V5c1pOUy5vYmplY3RzViRjbGFzc6INDoACgAOiEBGABIAFgAdccmVsYXRpdmVQYXRoWWFsaWFzRGF0YV8QMC4uLy4uLy4uL0RvY3VtZW50cy9QYXBlcnMvVGlsbWFuL1RpbG1hbl8xOTk0LnBkZtIXCxgZV05TLmRhdGFPEQGWAAAAAAGWAAIAAAlTaGlyYXNhZ2kAAAAAAAAAAAAAAAAAAAAAAADRDtiISCsAAAAUOBgPVGlsbWFuXzE5OTQucGRmAAAAAAAAAAAAAAAAAAAAAAAAAAAAAAAAAAAAAAAAAAAAAAAAAAAAAAAAAAAAAAAAAU+88dHpI+oAAAAAAAAAAAADAAQAAAkgAAAAAAAAAAAAAAAAAAAABlRpbG1hbgAQAAgAANEPSQgAAAARAAgAANHphloAAAABABQAFDgYABQuTgAJQEoACUBJAAKVFAACAEBTaGlyYXNhZ2k6VXNlcnM6AGh5ZToARG9jdW1lbnRzOgBQYXBlcnM6AFRpbG1hbjoAVGlsbWFuXzE5OTQucGRmAA4AIAAPAFQAaQBsAG0AYQBuAF8AMQA5ADkANAAuAHAAZABmAA8AFAAJAFMAaABpAHIAYQBzAGEAZwBpABIAMVVzZXJzL2h5ZS9Eb2N1bWVudHMvUGFwZXJzL1RpbG1hbi9UaWxtYW5fMTk5NC5wZGYAABMAAS8AABUAAgAK//8AAIAG0hscHR5aJGNsYXNzbmFtZVgkY2xhc3Nlc11OU011dGFibGVEYXRhox0fIFZOU0RhdGFYTlNPYmplY3TSGxwiI1xOU0RpY3Rpb25hcnmiIiBfEA9OU0tleWVkQXJjaGl2ZXLRJidUcm9vdIABAAgAEQAaACMALQAyADcAQABGAE0AVQBgAGcAagBsAG4AcQBzAHUAdwCEAI4AwQDGAM4CaAJqAm8CegKDApEClQKcAqUCqgK3AroCzALPAtQAAAAAAAACAQAAAAAAAAAoAAAAAAAAAAAAAAAAAAAC1g==}}

@article{Tilman_1997,
	Abstract = {Humans are modifying both the identities and numbers of species in ecosystems, but the impacts of such changes on ecosystem processes are controversial. Plant species diversity, functional diversity, and functional composition were experimentally varied in grassland plots. Each factor by itself had significant effects on many ecosystem processes, but functional composition and functional diversity were the principal factors explaining plant productivity, plant percent nitrogen, plant total nitrogen, and light penetration. Thus, habitat modifications and management practices that change functional diversity and functional composition are likely to have large impacts on ecosystem processes.},
	Author = {Tilman, David and Knops, Johannes and Wedin, David and Reich, Peter and Ritchie, Mark and Siemann, Evan},
	Date-Added = {2015-08-06 23:32:06 +0000},
	Date-Modified = {2016-08-08 21:12:56 +0000},
	Eprint = {http://www.sciencemag.org/content/277/5330/1300.full.pdf},
	Journal = {Science},
	Number = {5330},
	Pages = {1300-1302},
	Title = {The Influence of Functional Diversity and Composition on Ecosystem Processes},
	Volume = {277},
	Year = {1997},
	Bdsk-File-1 = {YnBsaXN0MDDUAQIDBAUGJCVYJHZlcnNpb25YJG9iamVjdHNZJGFyY2hpdmVyVCR0b3ASAAGGoKgHCBMUFRYaIVUkbnVsbNMJCgsMDxJXTlMua2V5c1pOUy5vYmplY3RzViRjbGFzc6INDoACgAOiEBGABIAFgAdccmVsYXRpdmVQYXRoWWFsaWFzRGF0YV8QMC4uLy4uLy4uL0RvY3VtZW50cy9QYXBlcnMvVGlsbWFuL1RpbG1hbl8xOTk3LnBkZtIXCxgZV05TLmRhdGFPEQGWAAAAAAGWAAIAAAlTaGlyYXNhZ2kAAAAAAAAAAAAAAAAAAAAAAADRDtiISCsAAAAUOBgPVGlsbWFuXzE5OTcucGRmAAAAAAAAAAAAAAAAAAAAAAAAAAAAAAAAAAAAAAAAAAAAAAAAAAAAAAAAAAAAAAAAAVBGS9HpPG4AAAAAAAAAAAADAAQAAAkgAAAAAAAAAAAAAAAAAAAABlRpbG1hbgAQAAgAANEPSQgAAAARAAgAANHpnt4AAAABABQAFDgYABQuTgAJQEoACUBJAAKVFAACAEBTaGlyYXNhZ2k6VXNlcnM6AGh5ZToARG9jdW1lbnRzOgBQYXBlcnM6AFRpbG1hbjoAVGlsbWFuXzE5OTcucGRmAA4AIAAPAFQAaQBsAG0AYQBuAF8AMQA5ADkANwAuAHAAZABmAA8AFAAJAFMAaABpAHIAYQBzAGEAZwBpABIAMVVzZXJzL2h5ZS9Eb2N1bWVudHMvUGFwZXJzL1RpbG1hbi9UaWxtYW5fMTk5Ny5wZGYAABMAAS8AABUAAgAK//8AAIAG0hscHR5aJGNsYXNzbmFtZVgkY2xhc3Nlc11OU011dGFibGVEYXRhox0fIFZOU0RhdGFYTlNPYmplY3TSGxwiI1xOU0RpY3Rpb25hcnmiIiBfEA9OU0tleWVkQXJjaGl2ZXLRJidUcm9vdIABAAgAEQAaACMALQAyADcAQABGAE0AVQBgAGcAagBsAG4AcQBzAHUAdwCEAI4AwQDGAM4CaAJqAm8CegKDApEClQKcAqUCqgK3AroCzALPAtQAAAAAAAACAQAAAAAAAAAoAAAAAAAAAAAAAAAAAAAC1g==},
	Bdsk-Url-1 = {http://www.sciencemag.org/content/277/5330/1300.abstract},
	Bdsk-Url-2 = {http://dx.doi.org/10.1126/science.277.5330.1300}}

@article{Dixon_1999,
	Abstract = {The lack of a clear relationship between spawning output and recruitment success continues to confound attempts to understand and manage temporally variable fish populations.  This relationship for a common reef fish is shown to be obscured by nonlinear processes in operation during the larval phase.  Non-linear responses of larval fish to their noisy physical environment may offer a general explanation for the erratic, often episodic, replenishment of open marine populations.},
	Author = {Paul A Dixon and Maria Milicich and George Sugihara},
	Date-Added = {2011-03-02 14:32:01 -0800},
	Date-Modified = {2012-07-20 20:51:40 +0000},
	Journal = {Science},
	Label = {rec-number 1343},
	Local-Url = {file://localhost/Users/hye/Documents/Papers/Dixon/Dixon_1999_Science.pdf},
	Pages = {1528-1530},
	Rating = {0},
	Title = {Episodic fluctuations in larval supply},
	Uri = {papers://731E5C55-21F7-4D91-8518-19C67E8F010C/Paper/p470},
	Volume = {283},
	Year = {1999},
	Bdsk-File-1 = {YnBsaXN0MDDUAQIDBAUGJCVYJHZlcnNpb25YJG9iamVjdHNZJGFyY2hpdmVyVCR0b3ASAAGGoKgHCBMUFRYaIVUkbnVsbNMJCgsMDxJXTlMua2V5c1pOUy5vYmplY3RzViRjbGFzc6INDoACgAOiEBGABIAFgAdccmVsYXRpdmVQYXRoWWFsaWFzRGF0YV8QLi4uLy4uLy4uL0RvY3VtZW50cy9QYXBlcnMvRGl4b24vRGl4b25fMTk5OS5wZGbSFwsYGVdOUy5kYXRhTxEBkAAAAAABkAACAAAJU2hpcmFzYWdpAAAAAAAAAAAAAAAAAAAAAAAA0Q7YiEgrAAAAFDEfDkRpeG9uXzE5OTkucGRmAAAAAAAAAAAAAAAAAAAAAAAAAAAAAAAAAAAAAAAAAAAAAAAAAAAAAAAAAAAAAAAAAAAUMSDEv9PmAAAAAAAAAAAAAwAEAAAJIAAAAAAAAAAAAAAAAAAAAAVEaXhvbgAAEAAIAADRD0kIAAAAEQAIAADEwDZWAAAAAQAUABQxHwAULk4ACUBKAAlASQAClRQAAgA+U2hpcmFzYWdpOlVzZXJzOgBoeWU6AERvY3VtZW50czoAUGFwZXJzOgBEaXhvbjoARGl4b25fMTk5OS5wZGYADgAeAA4ARABpAHgAbwBuAF8AMQA5ADkAOQAuAHAAZABmAA8AFAAJAFMAaABpAHIAYQBzAGEAZwBpABIAL1VzZXJzL2h5ZS9Eb2N1bWVudHMvUGFwZXJzL0RpeG9uL0RpeG9uXzE5OTkucGRmAAATAAEvAAAVAAIACv//AACABtIbHB0eWiRjbGFzc25hbWVYJGNsYXNzZXNdTlNNdXRhYmxlRGF0YaMdHyBWTlNEYXRhWE5TT2JqZWN00hscIiNcTlNEaWN0aW9uYXJ5oiIgXxAPTlNLZXllZEFyY2hpdmVy0SYnVHJvb3SAAQAIABEAGgAjAC0AMgA3AEAARgBNAFUAYABnAGoAbABuAHEAcwB1AHcAhACOAL8AxADMAmACYgJnAnICewKJAo0ClAKdAqICrwKyAsQCxwLMAAAAAAAAAgEAAAAAAAAAKAAAAAAAAAAAAAAAAAAAAs4=}}

@article{Fargione_2005,
	Author = {Joseph E. Fargione and David Tilman},
	Date-Added = {2015-08-06 23:33:06 +0000},
	Date-Modified = {2015-08-06 23:33:45 +0000},
	Journal = {Ecology Letters},
	Pages = {604-611},
	Title = {Diversity decreases invasion via both sampling and complementarity effects},
	Volume = {8},
	Year = {2005},
	Bdsk-File-1 = {YnBsaXN0MDDUAQIDBAUGJCVYJHZlcnNpb25YJG9iamVjdHNZJGFyY2hpdmVyVCR0b3ASAAGGoKgHCBMUFRYaIVUkbnVsbNMJCgsMDxJXTlMua2V5c1pOUy5vYmplY3RzViRjbGFzc6INDoACgAOiEBGABIAFgAdccmVsYXRpdmVQYXRoWWFsaWFzRGF0YV8QNC4uLy4uLy4uL0RvY3VtZW50cy9QYXBlcnMvRmFyZ2lvbmUvRmFyZ2lvbmVfMjAwNS5wZGbSFwsYGVdOUy5kYXRhTxEBpAAAAAABpAACAAAJU2hpcmFzYWdpAAAAAAAAAAAAAAAAAAAAAAAA0Q7YiEgrAAABUEwzEUZhcmdpb25lXzIwMDUucGRmAAAAAAAAAAAAAAAAAAAAAAAAAAAAAAAAAAAAAAAAAAAAAAAAAAAAAAAAAAAAAAFQS73R6Ty6AAAAAAAAAAAAAwAEAAAJIAAAAAAAAAAAAAAAAAAAAAhGYXJnaW9uZQAQAAgAANEPSQgAAAARAAgAANHpnyoAAAABABQBUEwzABQuTgAJQEoACUBJAAKVFAACAERTaGlyYXNhZ2k6VXNlcnM6AGh5ZToARG9jdW1lbnRzOgBQYXBlcnM6AEZhcmdpb25lOgBGYXJnaW9uZV8yMDA1LnBkZgAOACQAEQBGAGEAcgBnAGkAbwBuAGUAXwAyADAAMAA1AC4AcABkAGYADwAUAAkAUwBoAGkAcgBhAHMAYQBnAGkAEgA1VXNlcnMvaHllL0RvY3VtZW50cy9QYXBlcnMvRmFyZ2lvbmUvRmFyZ2lvbmVfMjAwNS5wZGYAABMAAS8AABUAAgAK//8AAIAG0hscHR5aJGNsYXNzbmFtZVgkY2xhc3Nlc11OU011dGFibGVEYXRhox0fIFZOU0RhdGFYTlNPYmplY3TSGxwiI1xOU0RpY3Rpb25hcnmiIiBfEA9OU0tleWVkQXJjaGl2ZXLRJidUcm9vdIABAAgAEQAaACMALQAyADcAQABGAE0AVQBgAGcAagBsAG4AcQBzAHUAdwCEAI4AxQDKANICegJ8AoECjAKVAqMCpwKuArcCvALJAswC3gLhAuYAAAAAAAACAQAAAAAAAAAoAAAAAAAAAAAAAAAAAAAC6A==}}

@article{Hsieh_2008,
	Author = {Chih-Hao Hsieh and Christian Anderson and George Sugihara},
	Date-Added = {2011-03-02 14:32:01 -0800},
	Date-Modified = {2016-08-08 21:12:58 +0000},
	Journal = {The American Naturalist},
	Label = {rec-number 1156},
	Local-Url = {file://localhost/Users/hye/Documents/Papers/Hsieh/Hsieh_2008_The%20American%20Naturalist.pdf},
	Month = {Jan},
	Number = {1},
	Pages = {71--80},
	Rating = {0},
	Read = {Yes},
	Title = {Extending nonlinear analysis to short Ecological time series},
	Uri = {papers://731E5C55-21F7-4D91-8518-19C67E8F010C/Paper/p324},
	Volume = {171},
	Year = {2008},
	Bdsk-File-1 = {YnBsaXN0MDDUAQIDBAUGJCVYJHZlcnNpb25YJG9iamVjdHNZJGFyY2hpdmVyVCR0b3ASAAGGoKgHCBMUFRYaIVUkbnVsbNMJCgsMDxJXTlMua2V5c1pOUy5vYmplY3RzViRjbGFzc6INDoACgAOiEBGABIAFgAdccmVsYXRpdmVQYXRoWWFsaWFzRGF0YV8QLi4uLy4uLy4uL0RvY3VtZW50cy9QYXBlcnMvSHNpZWgvSHNpZWhfMjAwOC5wZGbSFwsYGVdOUy5kYXRhTxEBkAAAAAABkAACAAAJU2hpcmFzYWdpAAAAAAAAAAAAAAAAAAAAAAAA0Q7YiEgrAAAAFDL9DkhzaWVoXzIwMDgucGRmAAAAAAAAAAAAAAAAAAAAAAAAAAAAAAAAAAAAAAAAAAAAAAAAAAAAAAAAAAAAAAAAAAAUMwLDjtReAAAAAAAAAAAAAwAEAAAJIAAAAAAAAAAAAAAAAAAAAAVIc2llaAAAEAAIAADRD0kIAAAAEQAIAADDj0TeAAAAAQAUABQy/QAULk4ACUBKAAlASQAClRQAAgA+U2hpcmFzYWdpOlVzZXJzOgBoeWU6AERvY3VtZW50czoAUGFwZXJzOgBIc2llaDoASHNpZWhfMjAwOC5wZGYADgAeAA4ASABzAGkAZQBoAF8AMgAwADAAOAAuAHAAZABmAA8AFAAJAFMAaABpAHIAYQBzAGEAZwBpABIAL1VzZXJzL2h5ZS9Eb2N1bWVudHMvUGFwZXJzL0hzaWVoL0hzaWVoXzIwMDgucGRmAAATAAEvAAAVAAIACv//AACABtIbHB0eWiRjbGFzc25hbWVYJGNsYXNzZXNdTlNNdXRhYmxlRGF0YaMdHyBWTlNEYXRhWE5TT2JqZWN00hscIiNcTlNEaWN0aW9uYXJ5oiIgXxAPTlNLZXllZEFyY2hpdmVy0SYnVHJvb3SAAQAIABEAGgAjAC0AMgA3AEAARgBNAFUAYABnAGoAbABuAHEAcwB1AHcAhACOAL8AxADMAmACYgJnAnICewKJAo0ClAKdAqICrwKyAsQCxwLMAAAAAAAAAgEAAAAAAAAAKAAAAAAAAAAAAAAAAAAAAs4=},
	Bdsk-File-2 = {YnBsaXN0MDDUAQIDBAUGJCVYJHZlcnNpb25YJG9iamVjdHNZJGFyY2hpdmVyVCR0b3ASAAGGoKgHCBMUFRYaIVUkbnVsbNMJCgsMDxJXTlMua2V5c1pOUy5vYmplY3RzViRjbGFzc6INDoACgAOiEBGABIAFgAdccmVsYXRpdmVQYXRoWWFsaWFzRGF0YV8QLy4uLy4uLy4uL0RvY3VtZW50cy9QYXBlcnMvSHNpZWgvSHNpZWhfMjAwOGEucGRm0hcLGBlXTlMuZGF0YU8RAZQAAAAAAZQAAgAACVNoaXJhc2FnaQAAAAAAAAAAAAAAAAAAAAAAANEO2IhIKwAAABQy/Q9Ic2llaF8yMDA4YS5wZGYAAAAAAAAAAAAAAAAAAAAAAAAAAAAAAAAAAAAAAAAAAAAAAAAAAAAAAAAAAAAAAAAAFDMDw8jATgAAAAAAAAAAAAMABAAACSAAAAAAAAAAAAAAAAAAAAAFSHNpZWgAABAACAAA0Q9JCAAAABEACAAAw8kwzgAAAAEAFAAUMv0AFC5OAAlASgAJQEkAApUUAAIAP1NoaXJhc2FnaTpVc2VyczoAaHllOgBEb2N1bWVudHM6AFBhcGVyczoASHNpZWg6AEhzaWVoXzIwMDhhLnBkZgAADgAgAA8ASABzAGkAZQBoAF8AMgAwADAAOABhAC4AcABkAGYADwAUAAkAUwBoAGkAcgBhAHMAYQBnAGkAEgAwVXNlcnMvaHllL0RvY3VtZW50cy9QYXBlcnMvSHNpZWgvSHNpZWhfMjAwOGEucGRmABMAAS8AABUAAgAK//8AAIAG0hscHR5aJGNsYXNzbmFtZVgkY2xhc3Nlc11OU011dGFibGVEYXRhox0fIFZOU0RhdGFYTlNPYmplY3TSGxwiI1xOU0RpY3Rpb25hcnmiIiBfEA9OU0tleWVkQXJjaGl2ZXLRJidUcm9vdIABAAgAEQAaACMALQAyADcAQABGAE0AVQBgAGcAagBsAG4AcQBzAHUAdwCEAI4AwADFAM0CZQJnAmwCdwKAAo4CkgKZAqICpwK0ArcCyQLMAtEAAAAAAAACAQAAAAAAAAAoAAAAAAAAAAAAAAAAAAAC0w==},
	Bdsk-File-3 = {YnBsaXN0MDDUAQIDBAUGJCVYJHZlcnNpb25YJG9iamVjdHNZJGFyY2hpdmVyVCR0b3ASAAGGoKgHCBMUFRYaIVUkbnVsbNMJCgsMDxJXTlMua2V5c1pOUy5vYmplY3RzViRjbGFzc6INDoACgAOiEBGABIAFgAdccmVsYXRpdmVQYXRoWWFsaWFzRGF0YV8QLy4uLy4uLy4uL0RvY3VtZW50cy9QYXBlcnMvSHNpZWgvSHNpZWhfMjAwOGEucGRm0hcLGBlXTlMuZGF0YU8RAZQAAAAAAZQAAgAACVNoaXJhc2FnaQAAAAAAAAAAAAAAAAAAAAAAANEO2IhIKwAAABQy/Q9Ic2llaF8yMDA4YS5wZGYAAAAAAAAAAAAAAAAAAAAAAAAAAAAAAAAAAAAAAAAAAAAAAAAAAAAAAAAAAAAAAAAAFDMDw8jATgAAAAAAAAAAAAMABAAACSAAAAAAAAAAAAAAAAAAAAAFSHNpZWgAABAACAAA0Q9JCAAAABEACAAAw8kwzgAAAAEAFAAUMv0AFC5OAAlASgAJQEkAApUUAAIAP1NoaXJhc2FnaTpVc2VyczoAaHllOgBEb2N1bWVudHM6AFBhcGVyczoASHNpZWg6AEhzaWVoXzIwMDhhLnBkZgAADgAgAA8ASABzAGkAZQBoAF8AMgAwADAAOABhAC4AcABkAGYADwAUAAkAUwBoAGkAcgBhAHMAYQBnAGkAEgAwVXNlcnMvaHllL0RvY3VtZW50cy9QYXBlcnMvSHNpZWgvSHNpZWhfMjAwOGEucGRmABMAAS8AABUAAgAK//8AAIAG0hscHR5aJGNsYXNzbmFtZVgkY2xhc3Nlc11OU011dGFibGVEYXRhox0fIFZOU0RhdGFYTlNPYmplY3TSGxwiI1xOU0RpY3Rpb25hcnmiIiBfEA9OU0tleWVkQXJjaGl2ZXLRJidUcm9vdIABAAgAEQAaACMALQAyADcAQABGAE0AVQBgAGcAagBsAG4AcQBzAHUAdwCEAI4AwADFAM0CZQJnAmwCdwKAAo4CkgKZAqICpwK0ArcCyQLMAtEAAAAAAAACAQAAAAAAAAAoAAAAAAAAAAAAAAAAAAAC0w==},
	Bdsk-Url-1 = {http://dx.doi.org/10.1086/523966}}

@misc{NERC-Centre-for-Population-Biology_2010,
	Author = {NERC Centre for Population Biology, Imperial College},
	Date-Added = {2016-08-02 22:45:09 +0000},
	Date-Modified = {2016-08-08 21:12:56 +0000},
	Title = {The Global Population Dynamics Database Version 2},
	Year = {2010},
	Bdsk-Url-1 = {http://www.sw.ic.ac.uk/cpb/cpb/gpdd.html}}

@article{Deyle_2011,
	Author = {Ethan R Deyle and George Sugihara},
	Date-Added = {2011-03-21 16:14:09 -0700},
	Date-Modified = {2012-07-20 20:51:39 +0000},
	Journal = {PLoS ONE},
	Pages = {e18295},
	Title = {Generalized theorems for nonlinear state space reconstruction},
	Volume = {6},
	Year = {2011},
	Bdsk-File-1 = {YnBsaXN0MDDUAQIDBAUGJCVYJHZlcnNpb25YJG9iamVjdHNZJGFyY2hpdmVyVCR0b3ASAAGGoKgHCBMUFRYaIVUkbnVsbNMJCgsMDxJXTlMua2V5c1pOUy5vYmplY3RzViRjbGFzc6INDoACgAOiEBGABIAFgAdccmVsYXRpdmVQYXRoWWFsaWFzRGF0YV8QLi4uLy4uLy4uL0RvY3VtZW50cy9QYXBlcnMvRGV5bGUvRGV5bGVfMjAxMS5wZGbSFwsYGVdOUy5kYXRhTxEBkAAAAAABkAACAAAJU2hpcmFzYWdpAAAAAAAAAAAAAAAAAAAAAAAA0Q7YiEgrAAAAFDEGDkRleWxlXzIwMTEucGRmAAAAAAAAAAAAAAAAAAAAAAAAAAAAAAAAAAAAAAAAAAAAAAAAAAAAAAAAAAAAAAAAAAAUMQjJlBHiAAAAAAAAAAAAAwAEAAAJIAAAAAAAAAAAAAAAAAAAAAVEZXlsZQAAEAAIAADRD0kIAAAAEQAIAADJlIJiAAAAAQAUABQxBgAULk4ACUBKAAlASQAClRQAAgA+U2hpcmFzYWdpOlVzZXJzOgBoeWU6AERvY3VtZW50czoAUGFwZXJzOgBEZXlsZToARGV5bGVfMjAxMS5wZGYADgAeAA4ARABlAHkAbABlAF8AMgAwADEAMQAuAHAAZABmAA8AFAAJAFMAaABpAHIAYQBzAGEAZwBpABIAL1VzZXJzL2h5ZS9Eb2N1bWVudHMvUGFwZXJzL0RleWxlL0RleWxlXzIwMTEucGRmAAATAAEvAAAVAAIACv//AACABtIbHB0eWiRjbGFzc25hbWVYJGNsYXNzZXNdTlNNdXRhYmxlRGF0YaMdHyBWTlNEYXRhWE5TT2JqZWN00hscIiNcTlNEaWN0aW9uYXJ5oiIgXxAPTlNLZXllZEFyY2hpdmVy0SYnVHJvb3SAAQAIABEAGgAjAC0AMgA3AEAARgBNAFUAYABnAGoAbABuAHEAcwB1AHcAhACOAL8AxADMAmACYgJnAnICewKJAo0ClAKdAqICrwKyAsQCxwLMAAAAAAAAAgEAAAAAAAAAKAAAAAAAAAAAAAAAAAAAAs4=}}

@article{Sugihara_2012,
	Author = {George Sugihara and Robert May and Hao Ye and Chih-Hao Hsieh and Ethan Deyle and Michael Fogarty and Stephan Munch},
	Date-Added = {2012-09-18 22:17:49 +0000},
	Date-Modified = {2012-10-30 22:02:07 +0000},
	Journal = {Science},
	Pages = {496-500},
	Title = {Detecting causality in complex ecosystems},
	Volume = {338},
	Year = {2012},
	Bdsk-File-1 = {YnBsaXN0MDDUAQIDBAUGJCVYJHZlcnNpb25YJG9iamVjdHNZJGFyY2hpdmVyVCR0b3ASAAGGoKgHCBMUFRYaIVUkbnVsbNMJCgsMDxJXTlMua2V5c1pOUy5vYmplY3RzViRjbGFzc6INDoACgAOiEBGABIAFgAdccmVsYXRpdmVQYXRoWWFsaWFzRGF0YV8QNC4uLy4uLy4uL0RvY3VtZW50cy9QYXBlcnMvU3VnaWhhcmEvU3VnaWhhcmFfMjAxMi5wZGbSFwsYGVdOUy5kYXRhTxEBpAAAAAABpAACAAAJU2hpcmFzYWdpAAAAAAAAAAAAAAAAAAAAAAAA0Q7YiEgrAAAAFDfWEVN1Z2loYXJhXzIwMTIucGRmAAAAAAAAAAAAAAAAAAAAAAAAAAAAAAAAAAAAAAAAAAAAAAAAAAAAAAAAAAAAAAAUN+zMsAJ+AAAAAAAAAAAAAwAEAAAJIAAAAAAAAAAAAAAAAAAAAAhTdWdpaGFyYQAQAAgAANEPSQgAAAARAAgAAMywZO4AAAABABQAFDfWABQuTgAJQEoACUBJAAKVFAACAERTaGlyYXNhZ2k6VXNlcnM6AGh5ZToARG9jdW1lbnRzOgBQYXBlcnM6AFN1Z2loYXJhOgBTdWdpaGFyYV8yMDEyLnBkZgAOACQAEQBTAHUAZwBpAGgAYQByAGEAXwAyADAAMQAyAC4AcABkAGYADwAUAAkAUwBoAGkAcgBhAHMAYQBnAGkAEgA1VXNlcnMvaHllL0RvY3VtZW50cy9QYXBlcnMvU3VnaWhhcmEvU3VnaWhhcmFfMjAxMi5wZGYAABMAAS8AABUAAgAK//8AAIAG0hscHR5aJGNsYXNzbmFtZVgkY2xhc3Nlc11OU011dGFibGVEYXRhox0fIFZOU0RhdGFYTlNPYmplY3TSGxwiI1xOU0RpY3Rpb25hcnmiIiBfEA9OU0tleWVkQXJjaGl2ZXLRJidUcm9vdIABAAgAEQAaACMALQAyADcAQABGAE0AVQBgAGcAagBsAG4AcQBzAHUAdwCEAI4AxQDKANICegJ8AoECjAKVAqMCpwKuArcCvALJAswC3gLhAuYAAAAAAAACAQAAAAAAAAAoAAAAAAAAAAAAAAAAAAAC6A==},
	Bdsk-File-2 = {YnBsaXN0MDDUAQIDBAUGJCVYJHZlcnNpb25YJG9iamVjdHNZJGFyY2hpdmVyVCR0b3ASAAGGoKgHCBMUFRYaIVUkbnVsbNMJCgsMDxJXTlMua2V5c1pOUy5vYmplY3RzViRjbGFzc6INDoACgAOiEBGABIAFgAdccmVsYXRpdmVQYXRoWWFsaWFzRGF0YV8QNS4uLy4uLy4uL0RvY3VtZW50cy9QYXBlcnMvU3VnaWhhcmEvU3VnaWhhcmFfMjAxMmEucGRm0hcLGBlXTlMuZGF0YU8RAagAAAAAAagAAgAACVNoaXJhc2FnaQAAAAAAAAAAAAAAAAAAAAAAANEO2IhIKwAAABQ31hJTdWdpaGFyYV8yMDEyYS5wZGYAAAAAAAAAAAAAAAAAAAAAAAAAAAAAAAAAAAAAAAAAAAAAAAAAAAAAAAAAAAAAFDftz5EqLAAAAAAAAAAAAAMABAAACSAAAAAAAAAAAAAAAAAAAAAIU3VnaWhhcmEAEAAIAADRD0kIAAAAEQAIAADPkYycAAAAAQAUABQ31gAULk4ACUBKAAlASQAClRQAAgBFU2hpcmFzYWdpOlVzZXJzOgBoeWU6AERvY3VtZW50czoAUGFwZXJzOgBTdWdpaGFyYToAU3VnaWhhcmFfMjAxMmEucGRmAAAOACYAEgBTAHUAZwBpAGgAYQByAGEAXwAyADAAMQAyAGEALgBwAGQAZgAPABQACQBTAGgAaQByAGEAcwBhAGcAaQASADZVc2Vycy9oeWUvRG9jdW1lbnRzL1BhcGVycy9TdWdpaGFyYS9TdWdpaGFyYV8yMDEyYS5wZGYAEwABLwAAFQACAAr//wAAgAbSGxwdHlokY2xhc3NuYW1lWCRjbGFzc2VzXU5TTXV0YWJsZURhdGGjHR8gVk5TRGF0YVhOU09iamVjdNIbHCIjXE5TRGljdGlvbmFyeaIiIF8QD05TS2V5ZWRBcmNoaXZlctEmJ1Ryb290gAEACAARABoAIwAtADIANwBAAEYATQBVAGAAZwBqAGwAbgBxAHMAdQB3AIQAjgDGAMsA0wJ/AoEChgKRApoCqAKsArMCvALBAs4C0QLjAuYC6wAAAAAAAAIBAAAAAAAAACgAAAAAAAAAAAAAAAAAAALt}}

@article{Deyle_2013,
	Abstract = {For many marine species and habitats, climate change and overfishing present a double threat. To manage marine resources effectively, it is necessary to adapt management to changes in the physical environment. Simple relationships between environmental conditions and fish abundance have long been used in both fisheries and fishery management. In many cases, however, physical, biological, and human variables feed back on each other. For these systems, associations between variables can change as the system evolves in time. This can obscure relationships between population dynamics and environmental variability, undermining our ability to forecast changes in populations tied to physical processes. Here we present a methodology for identifying physical forcing variables based on nonlinear forecasting and show how the method provides a predictive understanding of the influence of physical forcing on Pacific sardine.},
	Author = {Deyle, Ethan R and Fogarty, Michael and Hsieh, Chih-Hao and Kaufman, Les and MacCall, Alec D and Munch, Stephan B and Perretti, Charles T and Ye, Hao and Sugihara, George},
	Date-Added = {2013-04-22 22:08:52 +0000},
	Date-Modified = {2016-08-08 21:12:57 +0000},
	Journal = {Proceedings of the National Academy of Sciences},
	Journal-Full = {Proceedings of the National Academy of Sciences of the United States of America},
	Month = {Apr},
	Number = {16},
	Pages = {6430-6435},
	Pmid = {23536299},
	Pst = {ppublish},
	Title = {Predicting climate effects on {Pacific} sardine},
	Volume = {110},
	Year = {2013},
	Bdsk-File-1 = {YnBsaXN0MDDUAQIDBAUGJCVYJHZlcnNpb25YJG9iamVjdHNZJGFyY2hpdmVyVCR0b3ASAAGGoKgHCBMUFRYaIVUkbnVsbNMJCgsMDxJXTlMua2V5c1pOUy5vYmplY3RzViRjbGFzc6INDoACgAOiEBGABIAFgAdccmVsYXRpdmVQYXRoWWFsaWFzRGF0YV8QLi4uLy4uLy4uL0RvY3VtZW50cy9QYXBlcnMvRGV5bGUvRGV5bGVfMjAxMy5wZGbSFwsYGVdOUy5kYXRhTxEBkAAAAAABkAACAAAJU2hpcmFzYWdpAAAAAAAAAAAAAAAAAAAAAAAA0Q7YiEgrAAAAFDEGDkRleWxlXzIwMTMucGRmAAAAAAAAAAAAAAAAAAAAAAAAAAAAAAAAAAAAAAAAAAAAAAAAAAAAAAAAAAAAAAAAAAAUMQnNmwK1AAAAAAAAAAAAAwAEAAAJIAAAAAAAAAAAAAAAAAAAAAVEZXlsZQAAEAAIAADRD0kIAAAAEQAIAADNm2UlAAAAAQAUABQxBgAULk4ACUBKAAlASQAClRQAAgA+U2hpcmFzYWdpOlVzZXJzOgBoeWU6AERvY3VtZW50czoAUGFwZXJzOgBEZXlsZToARGV5bGVfMjAxMy5wZGYADgAeAA4ARABlAHkAbABlAF8AMgAwADEAMwAuAHAAZABmAA8AFAAJAFMAaABpAHIAYQBzAGEAZwBpABIAL1VzZXJzL2h5ZS9Eb2N1bWVudHMvUGFwZXJzL0RleWxlL0RleWxlXzIwMTMucGRmAAATAAEvAAAVAAIACv//AACABtIbHB0eWiRjbGFzc25hbWVYJGNsYXNzZXNdTlNNdXRhYmxlRGF0YaMdHyBWTlNEYXRhWE5TT2JqZWN00hscIiNcTlNEaWN0aW9uYXJ5oiIgXxAPTlNLZXllZEFyY2hpdmVy0SYnVHJvb3SAAQAIABEAGgAjAC0AMgA3AEAARgBNAFUAYABnAGoAbABuAHEAcwB1AHcAhACOAL8AxADMAmACYgJnAnICewKJAo0ClAKdAqICrwKyAsQCxwLMAAAAAAAAAgEAAAAAAAAAKAAAAAAAAAAAAAAAAAAAAs4=},
	Bdsk-Url-1 = {http://dx.doi.org/10.1073/pnas.1215506110}}

@article{Isbell_2013,
	Abstract = {Although nutrient enrichment frequently decreases biodiversity, it remains unclear whether such biodiversity losses are readily reversible, or are critical transitions between alternative low- and high-diversity stable states that could be difficult to reverse. Our 30-year grassland experiment shows that plant diversity decreased well below control levels after 10 years of chronic high rates (95-270 kg N ha(-1) year(-1)) of nitrogen addition, and did not recover to control levels 20 years after nitrogen addition ceased. Furthermore, we found a hysteretic response of plant diversity to increases and subsequent decreases in soil nitrate concentrations. Our results suggest that chronic nutrient enrichment created an alternative low-diversity state that persisted despite decreases in soil nitrate after cessation of nitrogen addition, and despite supply of propagules from nearby high-diversity plots. Thus, the regime shifts between alternative stable states that have been reported for some nutrient-enriched aquatic ecosystems may also occur in grasslands.},
	Author = {Isbell, Forest and Tilman, David and Polasky, Stephen and Binder, Seth and Hawthorne, Peter},
	Date-Added = {2015-08-06 21:47:52 +0000},
	Date-Modified = {2016-08-08 21:12:57 +0000},
	Journal = {Ecol Lett},
	Journal-Full = {Ecology letters},
	Mesh = {Biodiversity; Biomass; Ecosystem; Elymus; Fertilizers; Longitudinal Studies; Nitrates; Nitrogen; Plants; Soil},
	Month = {Apr},
	Number = {4},
	Pages = {454-60},
	Pmid = {23301631},
	Pst = {ppublish},
	Title = {Low biodiversity state persists two decades after cessation of nutrient enrichment},
	Volume = {16},
	Year = {2013},
	Bdsk-File-1 = {YnBsaXN0MDDUAQIDBAUGJCVYJHZlcnNpb25YJG9iamVjdHNZJGFyY2hpdmVyVCR0b3ASAAGGoKgHCBMUFRYaIVUkbnVsbNMJCgsMDxJXTlMua2V5c1pOUy5vYmplY3RzViRjbGFzc6INDoACgAOiEBGABIAFgAdccmVsYXRpdmVQYXRoWWFsaWFzRGF0YV8QMC4uLy4uLy4uL0RvY3VtZW50cy9QYXBlcnMvSXNiZWxsL0lzYmVsbF8yMDEzLnBkZtIXCxgZV05TLmRhdGFPEQGWAAAAAAGWAAIAAAlTaGlyYXNhZ2kAAAAAAAAAAAAAAAAAAAAAAADRDtiISCsAAAFQSzUPSXNiZWxsXzIwMTMucGRmAAAAAAAAAAAAAAAAAAAAAAAAAAAAAAAAAAAAAAAAAAAAAAAAAAAAAAAAAAAAAAAAAU/BJNHpJA8AAAAAAAAAAAADAAQAAAkgAAAAAAAAAAAAAAAAAAAABklzYmVsbAAQAAgAANEPSQgAAAARAAgAANHphn8AAAABABQBUEs1ABQuTgAJQEoACUBJAAKVFAACAEBTaGlyYXNhZ2k6VXNlcnM6AGh5ZToARG9jdW1lbnRzOgBQYXBlcnM6AElzYmVsbDoASXNiZWxsXzIwMTMucGRmAA4AIAAPAEkAcwBiAGUAbABsAF8AMgAwADEAMwAuAHAAZABmAA8AFAAJAFMAaABpAHIAYQBzAGEAZwBpABIAMVVzZXJzL2h5ZS9Eb2N1bWVudHMvUGFwZXJzL0lzYmVsbC9Jc2JlbGxfMjAxMy5wZGYAABMAAS8AABUAAgAK//8AAIAG0hscHR5aJGNsYXNzbmFtZVgkY2xhc3Nlc11OU011dGFibGVEYXRhox0fIFZOU0RhdGFYTlNPYmplY3TSGxwiI1xOU0RpY3Rpb25hcnmiIiBfEA9OU0tleWVkQXJjaGl2ZXLRJidUcm9vdIABAAgAEQAaACMALQAyADcAQABGAE0AVQBgAGcAagBsAG4AcQBzAHUAdwCEAI4AwQDGAM4CaAJqAm8CegKDApEClQKcAqUCqgK3AroCzALPAtQAAAAAAAACAQAAAAAAAAAoAAAAAAAAAAAAAAAAAAAC1g==},
	Bdsk-Url-1 = {http://dx.doi.org/10.1111/ele.12066}}

@article{Ye_2016,
	Author = {Hao Ye and George Sugihara},
	Date-Added = {2016-08-31 21:06:51 +0000},
	Date-Modified = {2016-08-31 21:09:03 +0000},
	Journal = {Science},
	Number = {6302},
	Pages = {922-925},
	Title = {Information leverage in interconnected ecosystems: Overcoming the curse of dimensionality},
	Volume = {353},
	Year = {2016},
	Bdsk-File-1 = {YnBsaXN0MDDUAQIDBAUGJCVYJHZlcnNpb25YJG9iamVjdHNZJGFyY2hpdmVyVCR0b3ASAAGGoKgHCBMUFRYaIVUkbnVsbNMJCgsMDxJXTlMua2V5c1pOUy5vYmplY3RzViRjbGFzc6INDoACgAOiEBGABIAFgAdccmVsYXRpdmVQYXRoWWFsaWFzRGF0YV8QKC4uLy4uLy4uL0RvY3VtZW50cy9QYXBlcnMvWWUvWWVfMjAxNi5wZGbSFwsYGVdOUy5kYXRhTxEBegAAAAABegACAAAJU2hpcmFzYWdpAAAAAAAAAAAAAAAAAAAAAAAA0Q7YiEgrAAAAI+ULC1llXzIwMTYucGRmAAAAAAAAAAAAAAAAAAAAAAAAAAAAAAAAAAAAAAAAAAAAAAAAAAAAAAAAAAAAAAAAAAAAAANrNMrT5OEVAAAAAAAAAAAAAwAEAAAJIAAAAAAAAAAAAAAAAAAAAAJZZQAQAAgAANEPSQgAAAARAAgAANPlQ4UAAAABABQAI+ULABQuTgAJQEoACUBJAAKVFAACADhTaGlyYXNhZ2k6VXNlcnM6AGh5ZToARG9jdW1lbnRzOgBQYXBlcnM6AFllOgBZZV8yMDE2LnBkZgAOABgACwBZAGUAXwAyADAAMQA2AC4AcABkAGYADwAUAAkAUwBoAGkAcgBhAHMAYQBnAGkAEgApVXNlcnMvaHllL0RvY3VtZW50cy9QYXBlcnMvWWUvWWVfMjAxNi5wZGYAABMAAS8AABUAAgAK//8AAIAG0hscHR5aJGNsYXNzbmFtZVgkY2xhc3Nlc11OU011dGFibGVEYXRhox0fIFZOU0RhdGFYTlNPYmplY3TSGxwiI1xOU0RpY3Rpb25hcnmiIiBfEA9OU0tleWVkQXJjaGl2ZXLRJidUcm9vdIABAAgAEQAaACMALQAyADcAQABGAE0AVQBgAGcAagBsAG4AcQBzAHUAdwCEAI4AuQC+AMYCRAJGAksCVgJfAm0CcQJ4AoEChgKTApYCqAKrArAAAAAAAAACAQAAAAAAAAAoAAAAAAAAAAAAAAAAAAACsg==},
	Bdsk-File-2 = {YnBsaXN0MDDUAQIDBAUGJCVYJHZlcnNpb25YJG9iamVjdHNZJGFyY2hpdmVyVCR0b3ASAAGGoKgHCBMUFRYaIVUkbnVsbNMJCgsMDxJXTlMua2V5c1pOUy5vYmplY3RzViRjbGFzc6INDoACgAOiEBGABIAFgAdccmVsYXRpdmVQYXRoWWFsaWFzRGF0YV8QKS4uLy4uLy4uL0RvY3VtZW50cy9QYXBlcnMvWWUvWWVfMjAxNmEucGRm0hcLGBlXTlMuZGF0YU8RAX4AAAAAAX4AAgAACVNoaXJhc2FnaQAAAAAAAAAAAAAAAAAAAAAAANEO2IhIKwAAACPlCwxZZV8yMDE2YS5wZGYAAAAAAAAAAAAAAAAAAAAAAAAAAAAAAAAAAAAAAAAAAAAAAAAAAAAAAAAAAAAAAAAAAAADa3oF0+YBpwAAAAAAAAAAAAMABAAACSAAAAAAAAAAAAAAAAAAAAACWWUAEAAIAADRD0kIAAAAEQAIAADT5mQXAAAAAQAUACPlCwAULk4ACUBKAAlASQAClRQAAgA5U2hpcmFzYWdpOlVzZXJzOgBoeWU6AERvY3VtZW50czoAUGFwZXJzOgBZZToAWWVfMjAxNmEucGRmAAAOABoADABZAGUAXwAyADAAMQA2AGEALgBwAGQAZgAPABQACQBTAGgAaQByAGEAcwBhAGcAaQASACpVc2Vycy9oeWUvRG9jdW1lbnRzL1BhcGVycy9ZZS9ZZV8yMDE2YS5wZGYAEwABLwAAFQACAAr//wAAgAbSGxwdHlokY2xhc3NuYW1lWCRjbGFzc2VzXU5TTXV0YWJsZURhdGGjHR8gVk5TRGF0YVhOU09iamVjdNIbHCIjXE5TRGljdGlvbmFyeaIiIF8QD05TS2V5ZWRBcmNoaXZlctEmJ1Ryb290gAEACAARABoAIwAtADIANwBAAEYATQBVAGAAZwBqAGwAbgBxAHMAdQB3AIQAjgC6AL8AxwJJAksCUAJbAmQCcgJ2An0ChgKLApgCmwKtArACtQAAAAAAAAIBAAAAAAAAACgAAAAAAAAAAAAAAAAAAAK3}}

@comment{BibDesk Static Groups{
<?xml version="1.0" encoding="UTF-8"?>
<!DOCTYPE plist PUBLIC "-//Apple//DTD PLIST 1.0//EN" "http://www.apple.com/DTDs/PropertyList-1.0.dtd">
<plist version="1.0">
<array>
	<dict>
		<key>group name</key>
		<string>albacore</string>
		<key>keys</key>
		<string>Laurs_1977,Laurs_2009,Ichinokawa_2008,Barr_2009,Pearcy_1968,Glaser_2011,McDaniel_2006,Glaser_2010,Bertignac_1999</string>
	</dict>
	<dict>
		<key>group name</key>
		<string>bycatch</string>
		<key>keys</key>
		<string>Holland_2010</string>
	</dict>
	<dict>
		<key>group name</key>
		<string>calcofi_2015</string>
		<key>keys</key>
		<string>Beamish_1997,Peterman_2000,McClatchie_2010,Ye_2015,Deyle_2013,Sauer_1991,MacDonald_2012,Dixon_1999,Hsieh_2008,Wood_1999,Packard_1980,Takens_1981,Sugihara_1990,Lindegren_2013,Beamish_2004a,Allen_1933,Clark_2015,Allen_1943,Sugihara_2012,Jacobson_1995,Jacobson_2013,Deyle_2011,Deyle_</string>
	</dict>
	<dict>
		<key>group name</key>
		<string>Luo reply</string>
		<key>keys</key>
		<string>Luo_2015,Tsonis_2015,Nes_2015,Sugihara_1994,Hartmann_2013,Sugihara_2012,Clark_2015,Ebisuzaki_1997</string>
	</dict>
	<dict>
		<key>group name</key>
		<string>manuscript_salmon_1</string>
		<key>keys</key>
		<string>Henderson_1998,Murdoch_1975,Sauer_1991,Foerster_1968,Parker_1968,Cribari-Neto_2004,Ricker_1950,Thomson_2012,Fisher_1925,Hsieh_2005,Grant_2010,Bax_1983,Myers_1998,Perretti_2013,Sugihara_1990,Beamish_1994,Beamish_2012,Wilcox_2009,Glaser_2014a,Beamish_1997,Deyle_2013,Dixon_1999,Takens_1981,Sugihara_2012,Grant_2013,Hsieh_2008,MacDonald_2012,Burgner_1991,Deyle_2011,Engle_1987,Beamish_2001,Thompson_1945,Tucker_2009,Peterman_2011,Beamish_2004a,Lorenz_1963,Mantua_1997,Packard_1980,Sugihara_1994,Cohen_2012,John_1992,Preikshot_2012,Beamish_2000,Hsieh_2006a</string>
	</dict>
	<dict>
		<key>group name</key>
		<string>Multiembed</string>
		<key>keys</key>
		<string>Fulton_2003,Bellmann_1957,Casdagli_1991,Sugihara_2011,Holling_1973,Heerkloss_1998,Berkes_2012,Wood_1999,Hill_2007,May_1976,Fulton_2010,Perretti_2013,Cox_2006,Dennis_2001,Sugihara_1990,Beisner_2003,Beninca_2009,Fulton_2001,Glaser_2014a,Ott_1990,Snowling_2001,Deyle_2013,Dixon_1999,Hsieh_2008,Takens_1981,Sugihara_2012,Carroll_2012,Plaganyi_2007,Deyle_2011,Kalman_1960,Pahl-Wostl_1997,Scheffer_2009,Clark_2001,Hastings_1991,Johnson_2004,Donoho_2000</string>
	</dict>
	<dict>
		<key>group name</key>
		<string>proposal</string>
		<key>keys</key>
		<string>Moran_1953,Beamish_2005,Cattaneo_2003,Liebhold_2004,Dietz_1983,Beamish_1999,Kaneko_1998,Ricker_1997,Ranta_1998,Hanski_1993,Bjornstad_2001a,Hutchinson_1961,Sugihara_1990,Schiff_1996,Levins_1969,Levin_1992,Gotelli_2010,Hsieh_2005,Deyle_2011,Armstrong_1999,Bascompte_1995,Hastings_1993,DFO_2009,Rand_2006,Buonaccorsi_2001,McGill_2010,Burgner_1991,Glaser_2011,Mantel_1967,Hsieh_2008,Beamish_1993,Hassell_1976,Eliason_2011,Beamish_1997,Laurs_1977,MacArthur_1963,Barr_2009,Hastings_1994a,Ranta_1995a,MacArthur_1967,Bjornstad_1999,McDaniel_2006,Sole_1998,Beacham_2004,Watson_2010,Bolker_1997,Dixon_1999,Hassell_1991,Varley_1973,CBC-News_2010,Guill_2011,Nelson_1998,Ranta_1995,CBC-News_2009</string>
	</dict>
	<dict>
		<key>group name</key>
		<string>rEDM refs</string>
		<key>keys</key>
		<string>Tilman_1994,Lorenz_1963,Sugihara_1994,Sugihara_1990,Tilman_1997,Sugihara_2012,Deyle_2011,Davidson_1948,Davidson_1948a,Deyle_2013,Isbell_2013,Dixon_1999,Takens_1981,Tilman_1994a,Inouye_1987,Fargione_2005,Sauer_1991,Fisher_1915,Casdagli_1991,Ye_2016,NERC-Centre-for-Population-Biology_2010,Hsieh_2008,Moran_1953</string>
	</dict>
	<dict>
		<key>group name</key>
		<string>Regime Shifts</string>
		<key>keys</key>
		<string>Hare_2000,Butchart_2010,Hastings_2010,Rudnick_2003,Scheffer_2009,Guttal_2008a,Scheffer_2001,Guttal_2008,Biggs_2009,Carpenter_2011</string>
	</dict>
	<dict>
		<key>group name</key>
		<string>salmon</string>
		<key>keys</key>
		<string>Schnute_2007,Glaser_2014a,CBC-News_2009,Beamish_2005,McKinnell_2008,Grant_2010,Holt_2009,Kaeriyama_2004,Beamish_2012,Peterman_2012,Kell_2007,Mysak_1986,Peterman_2003,Grant_2011,Gilhousen_1992,Ricker_1947,Ricker_1997,Jacobson_1995,Peterson_2010,Beamish_1999,Schnute_2000,Theiler_1992,Ricker_1954,Northcote_1989,Sugihara_1990,Dennis_2001,Preikshot_2012,Sugihara_1992,Cox_1997,Sauer_1991,Mantua_1997,Sugihara_1994,Hutchinson_1957,DFO_2012,Sugihara_2012,Hsieh_2005,Deyle_2011,Levy_1992,Thompson_1945,Henderson_1998,Dorner_2008,DFO_2009,Ebisuzaki_1997,Rand_2006,Cass_2006,Burgner_1991,Glaser_2011,Deyle_2013,MacDonald_2012,Cass_1994,Dixon_2001,Burrow_2012,Hsieh_2008,McClatchie_2010,Beamish_1993,Marmorek_2011,Peterman_2011,Ricker_1950,Eliason_2011,Beamish_1997,Liu_2012,Beamish_2012a,Hodgson_2002,Beacham_2004,Hare_1994,Cazelles_1992,Sugihara_2011,Holt_2009a,Beamish_2004,Myers_1998,Ascioti_1993,Dixon_1999,Beamish_1994,Eggers_2005,Perretti_2013,Thomson_2012,Hodgson_2006,Takens_1981,CBC-News_2010,Packard_1980,Guill_2011,Nelson_1998,Foerster_1968,Withler_2000</string>
	</dict>
	<dict>
		<key>group name</key>
		<string>SSR</string>
		<key>keys</key>
		<string>Dixon_1999,Quyen_1999,Deyle_2011,Palus_2007,Glaser_2011,Sugihara_1990,Munch_2005,Schiff_1996,Nichols_2005</string>
	</dict>
	<dict>
		<key>group name</key>
		<string>thesis</string>
		<key>keys</key>
		<string>Aggarwal_2001,Archer_2009,Beacham_2014,Beamish_2001,Beamish_2004,Beamish_2000,Beamish_2012,Beamish_1997,Beamish_1994,Beamish_1999,Beamish_2004a,Beninca_2009,Berkeley_1710,Box_1987,Carroll_2012,Casdagli_1991,Cass_1994,Chen_2006,Christensen_2004,Clark_2001,Clark_2015,Cohen_2012,Cramer_2001,Crutchfield_1979,Cribari-Neto_2004,Crutchfield_1987,Cushing_1982,Davidson_1948,Davidson_1948a,Dennis_2001,Deyle_2011,Deyle_2013,Dixon_1999,Doak_2008,Donoho_2000,Dowd_2011,Engle_1987,Fargione_2005,Fulton_2003,Fulton_2010,Fulton_2001,Gause_1935,Glaser_2014,Glaser_2014a,Granger_1969,Grant_2010,Grant_2011,Grant_2012,Grant_2013,Haeseker_2007,Haeseker_2008,Hastings_1991,Heerkloss_1998,Hiemstra_1994,Hill_2007,Hjort_1914,Hsieh_2005,Hsieh_2006,Hutchinson_1957,Kalman_1960,Kaplan_2013,Li_2013,Litzow_2014,Litzow_2014a,Liu_2012,Lorenz_1963,Lorenz_1969,Luckinbill_1973,Ma_2014a,MacDonald_2012,Mantua_1997,May_2008,McClatchie_2010,McGowan_2003,Murdoch_1975,Myers_1998,Nes_2015,Ott_1990,Packard_1980,Pahl-Wostl_1997,Perretti_2013,Peterman_2000,Peterman_2011,Peters_1991,Petit_1999,Preikshot_2012,Ricker_1950,Ricker_1954,Ricker_1958,Rousseeuw_1999,Rudnick_2003,Rulkov_1995,Sauer_1991,Scheffer_2009,Scheffer_2001,Schiff_1996,Schneider_1999,Schumacher_2015,Schuur_2009,Shelton_2011a,Sugihara_1994,Sugihara_2011,Sugihara_2012,Sugihara_1990,Takens_1981,Thomson_2012,Tilman_1997,Tucker_2009,Veilleux_1976,Vert-pre_2013,Walters_1987,Wilcox_2009,Wood_1999,Ye_2015</string>
	</dict>
</array>
</plist>
}}
